 @misc{ beckmann,
   author = "Hans-Georg Beckmann",
   title = {{Zelluläre Automaten}},
   year = "2003",
   url = "\url{http://www.vlin.de/material/ZAutomaten.pdf}",
    howpublished = "\url{http://www.vlin.de/material/ZAutomaten.pdf}",
  note = "[Online; Stand 28. April 2012]"
 }
 
 @misc{ wiki:zellautomat,
   author = "Wikipedia",
   title = {{Zellulärer Automat --- Wikipedia{,} Die freie Enzyklopädie}},
   year = "2012",
   url = "\url{http://de.wikipedia.org/w/index.php?title=Zellul%C3%A4rer_Automat&oldid=100860810}",
     howpublished = "\url{http://de.wikipedia.org/w/index.php?title=Zellul%C3%A4rer_Automat&oldid=100860810}",
  note = "[Online; Stand 28. April 2012]"
 }
 
 @misc{ schurr,
   author = "Stefan Baur und Markus Hanselmann",
   title = {{Zelluläre Automaten}},
   year = "2005",
   url = "\url{http://www5.in.tum.de/FA/_2005/K5/Schurr/11_CA.PDF}",
    howpublished = "\url{http://www5.in.tum.de/FA/_2005/K5/Schurr/11_CA.PDF}",
   note = "[Online; Stand 28. April 2012]"
 }
 
@misc{ wiki:wolfram,
   author = "Wikipedia",
   title = {{Stephen Wolfram --- Wikipedia{,} Die freie Enzyklopädie}},
   year = "2012",
   url = "\url{http://de.wikipedia.org/w/index.php?title=Stephen_Wolfram&oldid=99357821}",
    howpublished = "\url{http://de.wikipedia.org/w/index.php?title=Stephen_Wolfram&oldid=99357821}",
   note = "[Online; Stand 28. April 2012]"
 }
 
 @BOOK{wolfram2002,
title={{A New Kind of Science}},
author={Stephen Wolfram},
publisher={Wolfram Media},
year={2002},
month={5},
edition={1},
isbn={9781579550080},
url={http://amazon.com/o/ASIN/1579550088/},
price={$44.95},
totalpages={1192},
timestamp={2012.04.28},
}

 @BOOK{betz2003,
title={{Das eindimensionale Universum. Einführung in ein informationstheoretisches Weltbild}},
author={André Betz},
year={2003},
edition={1},
isbn={3-8330-0370-7},
}

@BOOK{zuse1969,
title={{Rechnender Raum}},
author={Konrad Zuse},
year={1969},
isbn={B0000BUCAI},
}

@misc{ wiki:conway,
   author = "Wikipedia",
   title = {{John Horton Conway --- Wikipedia{,} Die freie Enzyklopädie}},
   year = "2012",
   url = "\url{http://de.wikipedia.org/w/index.php?title=John_Horton_Conway&oldid=101731222}",
   howpublished = "\url{http://de.wikipedia.org/w/index.php?title=John_Horton_Conway&oldid=101731222}",
   note = "[Online; Stand 28. April 2012]"
 }
 
 @misc{ wiki:gameoflife,
   author = "Wikipedia",
   title = {{Conways Spiel des Lebens --- Wikipedia{,} Die freie Enzyklopädie}},
   year = "2012",
   url = "\url{http://de.wikipedia.org/w/index.php?title=Conways_Spiel_des_Lebens&oldid=100624377}",
   howpublished = "\url{http://de.wikipedia.org/w/index.php?title=Conways_Spiel_des_Lebens&oldid=100624377}",
   note = "[Online; Stand 28. April 2012]"
 }

@misc{ mdn:PixelCanvas,
author = "Andrew J. Baker",
title = {{Faster Canvas Pixel Manipulation with Typed Arrays}},
year = "2011",
url = "\url{http://hacks.mozilla.org/2011/12/faster-canvas-pixel-manipulation-with-typed-arrays/}",
howpublished = "\url{http://hacks.mozilla.org/2011/12/faster-canvas-pixel-manipulation-with-typed-arrays/}",
note = "[Online; Stand 17. Mai 2012]"
}

@misc{ mdn:PixelCanvasDoku,
author = "Mozilla Developer Network",
title = {{Pixel manipulation with canvas}},
year = "2012",
url = "\url{https://developer.mozilla.org/En/HTML/Canvas/Pixel_manipulation_with_canvas}",
howpublished = "\url{https://developer.mozilla.org/En/HTML/Canvas/Pixel_manipulation_with_canvas}",
note = "[Online; Stand 17. Mai 2012]"
}

@misc {wthree:twodcanvas,
author = "Ian Hickson",
title = {{HTML Canvas 2D Context -- Editor's Draft 7 March 2012}},
url = "\url{http://dev.w3.org/html5/2dcontext/}",
howpublished = "\url{http://dev.w3.org/html5/2dcontext/}",
note = "[Online; Stand 17. Mai 2012]",
year = "2012"
}

@misc {UnderstandingClosures,
author = "Rob Gravelle",
title = {{Understanding JavaScript Closures}},
url = "\url{http://www.webreference.com/programming/javascript/rg36/index.html}",
howpublished = "\url{http://www.webreference.com/programming/javascript/rg36/index.html}",
note = "[Online; Stand 20. Mai 2012]",
year = "2012"
}

 @misc{ wiki:Runge,
   author = "Wikipedia",
   title = {{Carl Runge --- Wikipedia{,} Die freie Enzyklopädie}},
   year = "2012",
   howpublished = "\url{http://de.wikipedia.org/w/index.php?title=Carl_Runge&oldid=100925604}",
   url = "\url{http://de.wikipedia.org/w/index.php?title=Carl_Runge&oldid=100925604}",
   note = "[Online; Stand 2. Juni 2012]"
 }

@misc{ wiki:Kutta,
   author = "Wikipedia",
   title = {{Martin Wilhelm Kutta --- Wikipedia{,} Die freie Enzyklopädie}},
   year = "2012",
   url = "\url{http://de.wikipedia.org/w/index.php?title=Martin_Wilhelm_Kutta&oldid=99262803}",
   howpublished = "\url{http://de.wikipedia.org/w/index.php?title=Martin_Wilhelm_Kutta&oldid=99262803}",
   note = "[Online; Stand 2. Juni 2012]"
 }

 @misc{ wiki:Butcher,
   author = "Wikipedia",
   title = {{John C. Butcher --- Wikipedia{,} Die freie Enzyklopädie}},
   year = "2012",
   url = "\url{http://de.wikipedia.org/w/index.php?title=John_C._Butcher&oldid=102152136}",
   howpublished = "\url{http://de.wikipedia.org/w/index.php?title=John_C._Butcher&oldid=102152136}",
   note = "[Online; Stand 2. Juni 2012]"
 }

 @misc{ wiki:Euler,
   author = "Wikipedia",
   title = {{Leonhard Euler --- Wikipedia{,} Die freie Enzyklopädie}},
   year = "2012",
   url = "\url{http://de.wikipedia.org/w/index.php?title=Leonhard_Euler&oldid=103781219}",
   howpublished = "\url{http://de.wikipedia.org/w/index.php?title=Leonhard_Euler&oldid=103781219}",
   note = "[Online; Stand 2. Juni 2012]"
 }

@misc{ wiki:RungeKutta,
   author = "Wikipedia",
   title = {{Runge-Kutta-Verfahren --- Wikipedia{,} Die freie Enzyklopädie}},
   year = "2012",
   url = "\url{http://de.wikipedia.org/w/index.php?title=Runge-Kutta-Verfahren&oldid=103843085}",
   howpublished = "\url{http://de.wikipedia.org/w/index.php?title=Runge-Kutta-Verfahren&oldid=103843085}",
   note = "[Online; Stand 2. Juni 2012]"
 }

@misc{Massjung,
   author = "Dr. Ralph Massjung",
   title = {{Numerik gewöhnlicher Differentialgleichungen, Lektion 11}},
   year = "2012",
   url = "\url{http://elearning.zhaw.ch/moodle/mod/resource/view.php?id=276205}",
   howpublished = "\url{http://elearning.zhaw.ch/moodle/mod/resource/view.php?id=276205}",
   note = "[Online; Stand 2. Juni 2012]"
 }

@BOOK{Deuflhard,
title={{Numerische Mathematik II: Anfangs- Und Randwertprobleme Gewohnlicher Differentialgleichungen 2., Erweiterte Und Überarbeitete Auflage}},
author={Peter Deuflhard und Folkmar Bornemann},
publisher={Walter De Gruyter},
year={2002},
month={4},
isbn={9783110171815},
totalpages={509},
timestamp={2012.06.02},
}

@misc{ Hafner,
author = "Christian Hafner",
title = {{The Game of Life, vom Spiel zur Wissenschaft}},
year = "2001",
url = "\url{http://alphard.ethz.ch/Hafner/PPS/PPS2001/Life/Life2.htm#Game}",
howpublished =
"\url{http://alphard.ethz.ch/Hafner/PPS/PPS2001/Life/Life2.htm#Game}",
note = "[Online; Stand 10. Mai 2012]"
}

 @misc{ wiki:Wellengleichung,
   author = "Wikipedia",
   title = {{Wellengleichung --- Wikipedia{,} Die freie Enzyklopädie}},
   year = "2012",
   url = "\url{http://de.wikipedia.org/w/index.php?title=Wellengleichung&oldid=101675074}",
   howpublished = "\url{http://de.wikipedia.org/w/index.php?title=Wellengleichung&oldid=101675074}",
   note = "[Online; Stand 10. Juni 2012]"
 }

@misc{ Node,
   author = "Node",
   title = {{Node.js}},
   year = "2012",
   url = "\url{http://www.node.js}",
   howpublished = "\url{http://www.node.js}",
   note = "[Online; Stand 11. Juni 2012]"
 }

@misc{ Mocha,
   author = "Mocha",
   title = {{Mocha}},
   year = "2012",
   url = "\url{http://visionmedia.github.com/mocha/}",
   howpublished = "\url{http://visionmedia.github.com/mocha/}",
   note = "[Online; Stand 11. Juni 2012]"
 }
